<?xml version="1.0" encoding="UTF-8"?><collection xmlns="http://www.loc.gov/MARC21/slim"><record><leader>00516nam--2200193-i-4500</leader><controlfield tag="001">000018258</controlfield><controlfield tag="002">20161230</controlfield><controlfield tag="005">20161230201032</controlfield><controlfield tag="008">060222s1000------------r-----000-0-eng-d</controlfield><datafield ind1=" " ind2=" " tag="040"><subfield code="a">IFIN-HH</subfield></datafield><datafield ind1=" " ind2=" " tag="080"><subfield code="a">539.14</subfield></datafield><datafield ind1="1" ind2=" " tag="100"><subfield code="a">Eisenbud, L</subfield></datafield><datafield ind1="1" ind2="0" tag="245"><subfield code="a">Nuclear structure</subfield><subfield code="c">L. eisenbud, e.p. wigner</subfield></datafield><datafield ind1=" " ind2=" " tag="260"><subfield code="a">London</subfield><subfield code="b">Oxford University Press</subfield><subfield code="c">1958</subfield></datafield><datafield ind1=" " ind2=" " tag="300"><subfield code="a">VIII + 128 P., CU FIGURI</subfield></datafield><datafield ind1=" " ind2=" " tag="490"><subfield code="a">Investigstion In Physics</subfield></datafield><datafield ind1="1" ind2=" " tag="700"><subfield code="a">Wigner, E.P</subfield></datafield><datafield ind1=" " ind2=" " tag="852"><subfield code="a">14126</subfield><subfield code="c">359.14</subfield></datafield><datafield ind1=" " ind2=" " tag="CAT"><subfield code="a">Sys</subfield><subfield code="c">20120321</subfield><subfield code="h">141757</subfield></datafield></record></collection>